% Generated by Paperpile. Check out http://paperpile.com for more information.
% BibTeX export options can be customized via Settings -> BibTeX.

@ARTICLE{Pecaut2016-tr,
  title         = "The Star-formation History and {Accretion-Disk} Fraction
                   Among the {K-Type} Members of the {Scorpius-Centaurus} {OB}
                   Association",
  author        = "Pecaut, Mark J and Mamajek, Eric E",
  month         =  "27~" # may,
  year          =  2016,
  keywords      = "NASA ATP 2016",
  archivePrefix = "arXiv",
  eprint        = "1605.08789",
  primaryClass  = "astro-ph.SR",
  arxivid       = "1605.08789"
}

@ARTICLE{Browning2016-jd,
  title    = "Theoretical Limits on Magnetic Field Strengths in Low-mass Stars",
  author   = "Browning, Matthew K and Weber, Maria A and Chabrier, Gilles and
              Massey, Angela P",
  journal  = "Astrophys. J.",
  volume   =  818,
  year     =  2016,
  keywords = "convection, magnetohydrodynamics: MHD, stars: low-mass, stars:
              magnetic field;NASA ATP 2016",
  issn     = "0004-637X",
  arxivid  = "1512.05692",
  doi      = "10.3847/0004-637X/818/2/189"
}

@ARTICLE{Haisch2001-ae,
  title    = "Disk Frequencies and Lifetimes in Young Clusters",
  author   = "Haisch, Jr, Karl E and Lada, Elizabeth A and Lada, Charles J",
  journal  = "Astrophys. J.",
  volume   =  553,
  pages    = "L153--L156",
  year     =  2001,
  keywords = "Infrared: Stars, Galaxy: Open Clusters and Associations: General,
              Stars: Planetary Systems: Protoplanetary Disks, Stars:
              Formation;NASA ATP 2016",
  issn     = "0004-637X",
  arxivid  = "astro-ph/0104347",
  doi      = "10.1086/320685"
}

@ARTICLE{Chabrier2014-ds,
  title    = "Giant Planet and Brown Dwarf Formation",
  author   = "Chabrier, G and Johansen, A and Janson, M and Rafikov, R",
  journal  = "Protostars and Planets VI",
  pages    = "619--642",
  year     =  2014,
  keywords = "NASA ATP 2016",
  arxivid  = "1401.7559",
  doi      = "10.2458/azu\_uapress\_9780816531240-ch027"
}

@ARTICLE{Mamajek2009-xq,
  title    = "Initial Conditions of Planet Formation: Lifetimes of Primordial
              Disks",
  author   = "Mamajek, Eric E",
  journal  = "American Institute of Physics Conference Series",
  volume   =  1158,
  pages    = "3--10",
  year     =  2009,
  keywords = "Circumstellar shells clouds and expanding envelopes,
              circumstellar masers, Stellar clusters and associations, Origin
              and evolution, Protogalaxies, primordial galaxies, Photometric
              polarimetric and spectroscopic instrumentation;NASA ATP 2016",
  issn     = "0094-243X, 0094-243X",
  arxivid  = "0906.5011",
  doi      = "10.1063/1.3215910"
}

@ARTICLE{Soderblom2014-qm,
  title    = "Ages of Young Stars",
  author   = "Soderblom, D R and Hillenbrand, L A and Jeffries, R D and
              Mamajek, E E and Naylor, T",
  journal  = "Protostars and Planets VI",
  pages    = "219--241",
  year     =  2014,
  keywords = "NASA ATP 2016",
  arxivid  = "1311.7024",
  doi      = "10.2458/azu\_uapress\_9780816531240-ch010"
}

@ARTICLE{Saumon1995-ew,
  title    = "An Equation of State for {Low-Mass} Stars and Giant Planets",
  author   = "Saumon, Didier and Chabrier, Gilles and Van Horn, H M",
  journal  = "Astrophys. J. Suppl. Ser.",
  volume   =  99,
  pages    = "713--741",
  year     =  1995,
  keywords = "eos;scvh;NASA ATP 2016",
  issn     = "0067-0049"
}

@INPROCEEDINGS{Mathieu2007-uq,
  title     = "Dynamical Mass Measurements of {Pre-Main-Sequence} Stars:
               Fundamental Tests of the Physics of Young Stars",
  booktitle = "Protostars \& Planets {V}",
  author    = "Mathieu, R D and Baraffe, I and Simon, M and Stassun, Keivan G
               and White, R",
  pages     = "411--425",
  year      =  2007,
  keywords  = "NASA ATP 2016"
}

@ARTICLE{Mohanty2002-wi,
  title    = "Activity in Very Cool Stars: Magnetic Dissipation in Late {M} and
              {L} Dwarf Atmospheres",
  author   = "Mohanty, Subhanjoy and Basri, Gibor and Shu, Frank and Allard,
              France and Chabrier, Gilles",
  journal  = "Astrophys. J.",
  volume   =  571,
  pages    = "469--486",
  year     =  2002,
  keywords = "NASA ATP 2016",
  issn     = "0004-637X"
}

@ARTICLE{Bell2015-uv,
  title    = "A self-consistent, absolute isochronal age scale for young moving
              groups in the solar neighbourhood",
  author   = "Bell, Cameron P M and Mamajek, Eric E and Naylor, Tim",
  journal  = "Mon. Not. R. Astron. Soc.",
  pages    = "1--24",
  year     =  2015,
  keywords = "evolution; formation; fundamental parameters; general;
              hertzsprung-russell and colour-magnitude diagrams; open clus-;
              photometric; pre-main-sequence; solar neighbourhood; stars;
              techniques; ters and associations;NASA ATP 2016",
  issn     = "0035-8711",
  arxivid  = "1508.05955"
}

@ARTICLE{Stassun2014-ly,
  title     = "Empirical Tests of {Pre--Main-Sequence} Stellar Evolution Models
               with Eclipsing Binaries",
  author    = "Stassun, Keivan G and Feiden, Gregory a and Torres, Guillermo",
  journal   = "New Astron. Rev.",
  publisher = "Elsevier B.V.",
  volume    = "60-61",
  pages     = "1--38",
  year      =  2014,
  keywords  = "eclipsing binaries; star formation; stellar evolution;Young Star
               Review;NASA ATP 2016",
  issn      = "1387-6473",
  arxivid   = "1406.3788v1",
  doi       = "10.1016/j.newar.2014.06.001"
}

